<record xmlns="http://www.loc.gov/MARC21/slim" xmlns:xsi="http://www.w3.org/2001/XMLSchema-instance" xsi:schemaLocation="http://www.loc.gov/MARC21/slim http://www.loc.gov/standards/marcxml/schema/MARC21slim.xsd"><leader>     nam a22        4500</leader><controlfield tag="001">002823547</controlfield><controlfield tag="003">NNU</controlfield><controlfield tag="006">m        d        </controlfield><controlfield tag="007">cr cn |||m|||a</controlfield><controlfield tag="008">150313s1962    iq      o     000 1 ararc</controlfield><datafield ind1=" " ind2=" " tag="040"><subfield code="a">NNU</subfield><subfield code="b">eng</subfield><subfield code="c">NNU</subfield></datafield><datafield ind1="1" ind2=" " tag="100"><subfield code="a">&#7716;amd&#299;, &#7778;al&#257;&#7717;.</subfield></datafield><datafield ind1="1" ind2="0" tag="245"><subfield code="a">Ghadan ya&#700;t&#299; al-rab&#299;&#699;</subfield><subfield code="h">[electronic resource] :</subfield><subfield code="b">majm&#363;&#699;at qi&#7779;a&#7779;</subfield><subfield code="c">[ta&#700;l&#299;f] &#7778;al&#257;&#7717; &#7716;amd&#299;.</subfield></datafield><datafield ind1=" " ind2=" " tag="260"><subfield code="a">Baghd&#257;d,</subfield><subfield code="b">Ma&#7789;ba&#699;at Itti&#7717;&#257;d al-Udab&#257;&#700; al-&#699;Ir&#257;q&#299;y&#299;n</subfield><subfield code="c">[1962]</subfield></datafield><datafield ind1=" " ind2=" " tag="300"><subfield code="a">online resource (111 p.)</subfield></datafield><datafield ind1=" " ind2=" " tag="500"><subfield code="a">Part of the Arabic Collections Online (ACO) project, contributed by New York Univeristy Libraries.</subfield></datafield><datafield ind1=" " ind2=" " tag="533"><subfield code="a">Electronic reproduction.</subfield><subfield code="b">New York, N.Y. :</subfield><subfield code="c">New York University,</subfield><subfield code="d">2015.</subfield><subfield code="5">NNU</subfield></datafield><datafield ind1="2" ind2=" " tag="710"><subfield code="a">New York University.</subfield><subfield code="b">Libraries.</subfield></datafield><datafield ind1="0" ind2=" " tag="730"><subfield code="a">Arabic Collections Online.</subfield></datafield><datafield ind1="0" ind2="8" tag="776"><subfield code="i">Print version:</subfield><subfield code="a">&#7716;amd&#299;, &#7778;al&#257;&#7717;.</subfield><subfield code="t">Ghadan ya&#700;t&#299; al-rab&#299;&#699;</subfield><subfield code="w">(NNU)002823547</subfield><subfield code="w">(DLC)ne 65000214</subfield></datafield><datafield ind1="4" ind2="0" tag="856"><subfield code="u">http://hdl.handle.net/2333.1/brv15h60</subfield></datafield><datafield ind1=" " ind2=" " tag="959"><subfield code="a">NNU</subfield><subfield code="b">WEB</subfield><subfield code="c">GENI</subfield><subfield code="t">0</subfield><subfield code="m">Electronic access</subfield><subfield code="s">01</subfield></datafield><datafield ind1=" " ind2=" " tag="999"><subfield code="i">NNU_002823547</subfield><subfield code="s">nyu_aco000512</subfield><subfield code="e">(ERROR-880)</subfield></datafield></record>